<?xml version="1.0" encoding="UTF-8" ?>
<collection xmlns:xsi="http://www.w3.org/2001/XMLSchema-instance" xsi:schemaLocation="http://www.loc.gov/MARC21/slim http://www.loc.gov/standards/marcxml/schema/MARC21slim.xsd" xmlns="http://www.loc.gov/MARC21/slim">
   <record>
      <leader>     cam a22      a 4500</leader>
      <controlfield tag="001">7111300</controlfield>
      <controlfield tag="003">NIC</controlfield>
      <controlfield tag="005">20131119175121.0</controlfield>
      <controlfield tag="008">011107s1877    ua            000 0cara d</controlfield>
      <datafield tag="035" ind1=" " ind2=" ">
         <subfield code="a">7111300</subfield>
      </datafield>
      <datafield tag="035" ind1=" " ind2=" ">
         <subfield code="a">(OCoLC)122781988</subfield>
      </datafield>
      <datafield tag="040" ind1=" " ind2=" ">
         <subfield code="a">NjP</subfield>
         <subfield code="c">EQO</subfield>
         <subfield code="d">OCLCG</subfield>
         <subfield code="d">NIC</subfield>
      </datafield>
      <datafield tag="049" ind1=" " ind2=" ">
         <subfield code="a">COOO</subfield>
      </datafield>
      <datafield tag="050" ind1=" " ind2="4">
         <subfield code="a">PJ6063</subfield>
         <subfield code="b">.I2 1877</subfield>
      </datafield>
      <datafield tag="100" ind1="1" ind2=" ">
         <subfield code="a">Ibn al-Anbārī, ʻAbd al-Raḥmān ibn Muḥammad,</subfield>
         <subfield code="d">1119-1181.</subfield>
      </datafield>
      <datafield tag="245" ind1="1" ind2="0">
         <subfield code="a">Nuzhat al-alibbā fī ṭabaqāt al-udabā, ayy, al-nuḥāt /</subfield>
         <subfield code="c">taʾlīf Abī al-Barakāt ʻAbd al-Raḥmān ibn Muḥammad al-Anbārī.</subfield>
      </datafield>
      <datafield tag="246" ind1="3" ind2="0">
         <subfield code="a">Nuzhat al-alibbā fī ṭabaqāt al-udabā</subfield>
      </datafield>
      <datafield tag="246" ind1="3" ind2="0">
         <subfield code="a">Nuḥāt</subfield>
      </datafield>
      <datafield tag="246" ind1="1" ind2=" ">
         <subfield code="i">Title on p. 490:</subfield>
         <subfield code="a">Ṭabaqāt aʾimmat al-naḥwīyīn wa-tārīkh ʻulamāʾ al-adab al-muʻtaribīn</subfield>
      </datafield>
      <datafield tag="260" ind1=" " ind2=" ">
         <subfield code="a">[Cairo :</subfield>
         <subfield code="b">s.n.],</subfield>
         <subfield code="c">1294 [1877]</subfield>
      </datafield>
      <datafield tag="300" ind1=" " ind2=" ">
         <subfield code="a">491 p. ;</subfield>
         <subfield code="c">19 cm.</subfield>
      </datafield>
      <datafield tag="650" ind1=" " ind2="0">
         <subfield code="a">Scholars, Muslim</subfield>
         <subfield code="v">Biography</subfield>
         <subfield code="v">Early works to 1800.</subfield>
      </datafield>
      <datafield tag="650" ind1=" " ind2="0">
         <subfield code="a">Authors, Arab</subfield>
         <subfield code="v">Biography</subfield>
         <subfield code="v">Early works to 1800.</subfield>
      </datafield>
      <datafield tag="650" ind1=" " ind2="0">
         <subfield code="a">Grammarians</subfield>
         <subfield code="z">Arab countries</subfield>
         <subfield code="v">Biography</subfield>
         <subfield code="v">Early works to 1800.</subfield>
      </datafield>
      <datafield tag="903" ind1=" " ind2=" ">
         <subfield code="a">Google</subfield>
         <subfield code="d">20120619</subfield>
         <subfield code="p">31924115691804</subfield>
      </datafield>
      <datafield tag="903" ind1=" " ind2=" ">
         <subfield code="a">NYUACO</subfield>
         <subfield code="d">20131119</subfield>
         <subfield code="p">31924115691804</subfield>
      </datafield>
      <datafield tag="948" ind1="0" ind2=" ">
         <subfield code="a">20110107</subfield>
         <subfield code="b">i</subfield>
         <subfield code="d">pca1</subfield>
         <subfield code="e">lts</subfield>
         <subfield code="h">appr</subfield>
      </datafield>
      <datafield tag="948" ind1="1" ind2=" ">
         <subfield code="a">20110110</subfield>
         <subfield code="b">c</subfield>
         <subfield code="d">mc256</subfield>
         <subfield code="e">lts</subfield>
      </datafield>
      <datafield tag="952" ind1=" " ind2=" ">
         <subfield code="b">olin</subfield>
         <subfield code="h">PJ6063</subfield>
         <subfield code="i">.I2 1877</subfield>
      </datafield>
      <datafield tag="994" ind1=" " ind2=" ">
         <subfield code="a">C0</subfield>
         <subfield code="b">COO</subfield>
      </datafield>
      <datafield tag="903" ind1=" " ind2=" ">
         <subfield code="a">NYUACO</subfield>
         <subfield code="d">20140402</subfield>
         <subfield code="p">31924115691804</subfield>
      </datafield>
      <datafield tag="950" ind1=" " ind2=" ">
         <subfield code="a">PJ6063</subfield>
         <subfield code="b">.I2 1877</subfield>
         <subfield code="v"> </subfield>
      </datafield>
   </record>
</collection>
